@online{NLopt,
    title = {The NLopt nonlinear-optimization package},
    author = {Steven G. Johnson},
    url = {http://github.com/stevengj/nlopt},
    year = {2014}
}

@inproceedings{Varavin:2003,
  title={HgCdTe epilayers on GaAs: growth and devices},
  author={Varavin, Vasily S and Vasiliev, VV and Dvoretsky, Sergey A and Mikhailov, Nikolay N and Ovsyuk, Victor N and Sidorov, Yuri G and Suslyakov, AO and Yakushev, MV and Aseev, Alexander L},
  booktitle={Solid State Crystals 2002: Crystalline Materials for Optoelectronics},
  volume={5136},
  pages={381--396},
  year={2003},
  organization={International Society for Optics and Photonics}
}

@article{Abakumov:1997,
  title={Безызлучательная рекомбинация в полупроводниках},
  author={Абакумов, ВН and Перель, ВИ and Яссиевич, ИН},
  journal={Изд-во ПИЯФ, СПб},
  year={1997}
}

@article{AugerDiagrams,
  title={Auger recombination in GaAs from first principles},
  author={Steiauf, Daniel and Kioupakis, Emmanouil and Van de Walle, Chris G},
  journal={Acs Photonics},
  volume={1},
  number={8},
  pages={643--646},
  year={2014},
  publisher={ACS Publications}
}

@article{AkimaSplines,
  title={A new method of interpolation and smooth curve fitting based on local procedures},
  author={Akima, Hiroshi},
  journal={Journal of the ACM (JACM)},
  volume={17},
  number={4},
  pages={589--602},
  year={1970},
  publisher={ACM}
}

@book{AuglagOptim,
  title={LANCELOT: a Fortran package for large-scale nonlinear optimization (Release A)},
  author={Conn, Andrew R and Gould, GIM and Toint, Philippe L},
  volume={17},
  year={2013},
  publisher={Springer Science \& Business Media}
}

@article{SucApprAnd,
  title={Theoretical study of Auger recombination in a GaInNAs 1.3 $\mu$ m quantum well laser structure},
  author={Andreev, AD and O’Reilly, Eoin P},
  journal={Applied physics letters},
  volume={84},
  number={11},
  pages={1826--1828},
  year={2004},
  publisher={AIP}
}

@inproceedings{SucApprAgr,
  title={Long wavelength semiconductor lasers},
  author={Dutta, Niloy K},
  booktitle={Technical Digest., International Electron Devices Meeting},
  pages={304--306},
  year={1988},
  organization={IEEE}
}

@article{Intro1,
  title={Инфракрасная люминесценция и характеристики энергетического спектра полупроводников типа А4В6},
  author={Засавицкий, ии},
  journal={Труды ФИАН. Оптические и электрические свойства полупроводников},
  volume={224},
  pages={3--118},
  year={1993}
}

@article{Intro9,
  title={Band structure and laser action in Pb x Sn 1- x Te},
  author={Dimmock, JO and Melngailis, Ivars and Strauss, AJ},
  journal={Physical Review Letters},
  volume={16},
  number={26},
  pages={1193},
  year={1966},
  publisher={APS}
}

@inproceedings{Intro7,
  title={Terahertz Physics, Devices, and Systems IX: Advanced Applications in Industry and Defense},
  author={Anwar, Mehdi F and Crowe, Thomas W and Manzur, Tariq},
  booktitle={Proc. of SPIE Vol},
  volume={9483},
  pages={948301--1},
  year={2015}
}


@article{Intro8,
  title={Terahertz Injection Lasers Based on a PbSnSe Solid Solution with an Emission Wavelength up to 50 $\mu$m and Their Application in the Magnetospectroscopy of Semiconductors},
  author={Maremyanin, KV and Ikonnikov, AV and Bovkun, LS and Rumyantsev, VV and Chizhevskii, EG and Zasavitskii, II and Gavrilenko, VI},
  journal={Semiconductors},
  volume={52},
  number={12},
  pages={1590--1594},
  year={2018},
  publisher={Springer}
}

@book{HgCdTeCalcZholudev,
    title = {Терагерцовая спектроскопия квантовых ям $Hg_{1−x} Cd_x Te$/$Cd_y Hg_{1−y} Te$},
    author = {М.С. Жолудев},
    year = {2013},
    publisher = {IPM RAS}
}

@article{Novik:2005,
   hyphenation = {english},
   author = {Novik, E. G. and Pfeuffer-Jeschke, A. and Jungwirth, T. and 
Latussek, V. and Becker, C. R. and Landwehr, G. and Buhmann, H. and 
Molenkamp, L. W.},
   heading = {Novik, E. G.},
   volume = {72},
   journal = {Phys. Rev. B},
   month = {Jul},
   numpages = {12},
   title = {Band structure of semimagnetic Hg$_{1-y}$Mn$_y$Te quantum 
wells},
   year = {2005},
   url = {http://link.aps.org/doi/10.1103/PhysRevB.72.035321},
   doi = {10.1103/PhysRevB.72.035321},
   issue = {3},
   publisher = {American Physical Society},
   pages = {035321},
   keywords = {autoref}
}

@article{Zholudev:PRB:2012,
   hyphenation={english},
   title = {Magnetospectroscopy of two-dimensional HgTe-based 
topological insulators around the critical thickness},
   author = {Zholudev, M. and Teppe, F. and Orlita, M. and Consejo, C. 
and Torres, J. and Dyakonova, N. and Czapkiewicz, M. and Wr\'obel, J. 
and Grabecki, G. and Mikhailov, N. and Dvoretskii, S. and Ikonnikov, A. 
and Spirin, K. and Aleshkin, V. and Gavrilenko, V. and Knap, W.},
   heading = {Zholudev, M.},
   journal = {Phys. Rev. B},
   volume = {86},
   issue = {20},
   pages = {205420},
   numpages = {9},
   year = {2012},
   month = {Nov},
   doi = {10.1103/PhysRevB.86.205420},
   url = {http://link.aps.org/doi/10.1103/PhysRevB.86.205420},
   publisher = {American Physical Society},
   keywords={own, autoref}
}

@article{Rumyantsev:PTS:2018,
   title = {Влияние особенностей зонного спектра на характеристики стимулированного излучения в узкозонных гетероструктурах с квантовыми ямами на основе HgCdTe},
   author = {Румянцев, В.В. and Куликов, Н.С. and Кадыков, А.М. and Фадеев and М.А., Иконников, А.В. and Казаков, А.С. and Жолудев, М.С. and Алешкин, В.Я. and Уточкин, В.В. and Михайлов, Н.Н. and Дворецкий, С.А. and Морозов, С.В. and Гавриленко, В.И.},
   heading = {Румянцев, В.В.},
   journal = {Физика и техника полупроводников},
   volume = {52},
   issue = {20},
   pages = {1263},
   year = {2018},
   keywords={own, autoref}
}

@book{Dierckx,
  title={Curve and surface fitting with splines},
  author={Dierckx, Paul},
  year={1995},
  publisher={Oxford University Press}
}

@inproceedings{Rumyantsev:IOP:2018,
  title={HgCdTe based quantum well heterostructures for long-wavelength lasers operating in 5-15 THz range},
  author={Rumyantsev, VV and Kulikov, NS and Kadykov, AM and Zholudev, MS and Fadeev, MA and Aleshkin, V Ya and Winnerl, S and Mikhailov, NN and Dvoretskii, SA and Gavrilenko, VI and others},
  booktitle={Journal of Physics: Conference Series},
  volume={1092},
  number={1},
  pages={012126},
  year={2018},
  organization={IOP Publishing}
}

@article{Utochkin:PTS:2019,
  title={Исследование пороговой энергии оже-рекомбинации в волноводных структурах с квантовыми ямами HgTe/Cd0.7Hg0.3Te в области 14 мкм},
  author={Уточкин, В.В. and Алёшкин, В.Я. and Куликов, Н.С. and Дубинов, А.А. and Гавриленко, В.И. and Фадеев, М.А. and Румянцев, В.В. and Михайлов, Н.Н. and Дворецкий, С.А. and Морозов, С.В.},
  heading = {Уточкин, В.В.},
  year={2019},
  journal = {Физика и техника полупроводников}
}

@article{Kozlov:2019,
  title={Особенности фотолюминесценции двойных акцепторов в гетероструктурах HgTe/СdHgTe с квантовыми ямами в терагерцовом диапазоне},
  author={Козлов, Дмитрий Владимирович and Румянцев, В В and Куликов, Н С and Кадыков, А М and Фадеев, М А and Уточкин, В В and Михайлов, Н Н and Дворецкий, С А and Гавриленко, В И and Хьюберс, Г В and others},
  journal={Письма в Журнал экспериментальной и теоретической физики},
  volume={109},
  number={10},
  pages={679--684},
  year={2019},
  publisher={Российская академия наук, Отделение физических наук}
}

@article{Alymov:2018,
  title = {Auger recombination in Dirac materials: A tangle of many-body effects},
  author = {Alymov, Georgy and Vyurkov, Vladimir and Ryzhii, Victor and Satou, Akira and Svintsov, Dmitry},
  journal = {Phys. Rev. B},
  volume = {97},
  issue = {20},
  pages = {205411},
  numpages = {13},
  year = {2018},
  month = {May},
  publisher = {American Physical Society},
  doi = {10.1103/PhysRevB.97.205411},
  url = {https://link.aps.org/doi/10.1103/PhysRevB.97.205411}
}

@book{Vasko:2006,
  title={Quantum Kinetic Theory and Applications: Electrons, Photons, Phonons},
  author={Vasko, Fedir T and Raichev, Oleg E},
  year={2006},
  publisher={Springer Science \& Business Media}
}

@article{Asryan:IOP:2005,
  title={Spontaneous radiative recombination and nonradiative Auger recombination in quantum-confined heterostructures},
  author={Asryan, Levon V},
  journal={Quantum Electronics},
  volume={35},
  number={12},
  pages={1117},
  year={2005},
  publisher={IOP Publishing}
}

@article{Rumyantsev:2019,
  title={Carrier Recombination, Long-Wavelength Photoluminescence, and Stimulated Emission in HgCdTe Quantum Well Heterostructures},
  author={Rumyantsev, Vladimir and Fadeev, Mikhail and Aleshkin, Vladimir and Kulikov, Nikita and Utochkin, Vladimir and Mikhailov, Nikolai and Dvoretskii, Sergey and Pavlov, Sergey and H{\"u}bers, Heinz-Wilhelm and Gavrilenko, Vladimir and others},
  journal={physica status solidi (b)},
  pages={1800546},
  year={2019},
  publisher={Wiley Online Library}
}








